[gd_scene load_steps=8 format=2]

[ext_resource path="res://Entities/Player_Rework/Player.tscn" type="PackedScene" id=1]
[ext_resource path="res://Entities/Collectables/Charger/Charger.tscn" type="PackedScene" id=2]
[ext_resource path="res://Entities/Components/Player_info/Info.tscn" type="PackedScene" id=3]
[ext_resource path="res://Tilesets/Plain_White/Plain_White.tscn" type="PackedScene" id=4]
[ext_resource path="res://Entities/Door/Door.tscn" type="PackedScene" id=5]
[ext_resource path="res://Entities/Switch/Switch.tscn" type="PackedScene" id=6]

[sub_resource type="RectangleShape2D" id=1]
extents = Vector2( 520, 10 )

[node name="Test_Stage" type="Node2D"]

[node name="floor" type="StaticBody2D" parent="."]
editor/display_folded = true

[node name="CollisionShape2D" type="CollisionShape2D" parent="floor"]
position = Vector2( 510, 610 )
shape = SubResource( 1 )

[node name="CollisionShape2D2" type="CollisionShape2D" parent="floor"]
position = Vector2( -20, 100 )
rotation = 1.5708
shape = SubResource( 1 )

[node name="CollisionShape2D3" type="CollisionShape2D" parent="floor"]
position = Vector2( 1040, 100 )
rotation = 1.5708
shape = SubResource( 1 )

[node name="CollisionShape2D4" type="CollisionShape2D" parent="floor"]
editor/display_folded = true
position = Vector2( 950.956, 65.6176 )
rotation = 1.5708
shape = SubResource( 1 )

[node name="Polygon2D" type="Polygon2D" parent="floor/CollisionShape2D4"]
position = Vector2( 20.0034, 940 )
rotation = -1.5708
polygon = PoolVector2Array( 930, 500, 950, 500, 950, -120, 930, -120 )

[node name="Player" parent="." instance=ExtResource( 1 )]
position = Vector2( 500, 580 )

[node name="Charger" parent="." instance=ExtResource( 2 )]
position = Vector2( 270, 545 )

[node name="Info" parent="." instance=ExtResource( 3 )]

[node name="Plain_White" parent="." instance=ExtResource( 4 )]
scale = Vector2( 0.4, 0.4 )
tile_data = PoolIntArray( 851985, 0, 196608, 851986, 0, 196609, 851987, 0, 196609, 851988, 0, 196609, 851989, 0, 196609, 851990, 0, 196609, 851991, 0, 196609, 851992, 0, 196609, 851993, 0, 131076, 851994, 0, 196609, 851995, 0, 196609, 851996, 0, 196610, 917529, 0, 65541, 983042, 0, 196608, 983043, 0, 196609, 983044, 0, 196609, 983045, 0, 196609, 983046, 0, 196609, 983047, 0, 196609, 983048, 0, 196609, 983049, 0, 196609, 983050, 0, 196610, 983065, 0, 65541, 1048601, 0, 65541, 1114137, 0, 131077, 1245206, 0, 196608, 1245207, 0, 196609, 1245208, 0, 196609, 1245209, 0, 196609, 1245210, 0, 196610 )

[node name="Door" parent="." instance=ExtResource( 5 )]
position = Vector2( 40, 395 )

[node name="Door2" parent="." instance=ExtResource( 5 )]
position = Vector2( 495, 260 )

[node name="Door3" parent="." instance=ExtResource( 5 )]
position = Vector2( 605, 235 )

[node name="Door4" parent="." instance=ExtResource( 5 )]
position = Vector2( 710, 255 )

[node name="Switch" parent="." instance=ExtResource( 6 )]
position = Vector2( 740, 565 )
activates = [ NodePath("../Door2"), NodePath("../Door3"), NodePath("../Door4") ]

[node name="Switch2" parent="." instance=ExtResource( 6 )]
position = Vector2( 815, 565 )
activates = [ NodePath("../Door") ]
charge = true
